@misc{manual,
    title = "Conductivity In Less Than Three Dimensions",
    author = "David Bailey and Jason Harlow and Tetyana Antimirova",
    year = "2016"
}

@misc{al,
    title = "Principles of Physics (2nd ed)",
    author = "Raymond A Serway",
    howpublished = "Saunders College Pub",
    pages = "602",
    url = "https://archive.org/details/principlesofphys00serw/page/602/mode/2up?view=theater"
}

@misc{res,
    title = "Graphite, Carbon, C",
    author = "MatWeb Material Property Data",
    year = "2023",
    url = "https://www.matweb.com/search/DataSheet.aspx?MatGUID=3f64b985402445c0a5af911135909344\&ckck=1"
}

@book{curve,
    title = "The Potentials About a Point Electrode and Apparent Resistivity Curves for a 2, 3 and 4-layered Earth",
    author = "H M Mooney and W W Wetzel",
    year = "1956",
    publisher = "University of Minnesota Press"
}
