@misc{code,
    howpublished = "Alibava Systems",
    url = "https://alibavasystems.com/easy-downloads/",
    title = "Examples Python Code"}

@misc{manual,
    title = "Activity Book for Students, First Edition",
    url = "https://alibavasystems.com/easy-downloads/",
    howpublished = "Alibava Systems"}
