@misc{manual,
    title = "Knots and topological transformations in vibrating chains",
    author = "David Baily",
    year = 2015
}

@manual{accelerometer,
    title = "Low G Micromachined Accelerometer",
    year = 2006,
    organization = "Freescale Semiconductor, Inc.",
    month = "March"
}

@article{bennaim,
  title = {Knots and Random Walks in Vibrated Granular Chains},
  author = {Ben-Naim, E. and Daya, Z. A. and Vorobieff, P. and Ecke, R. E.},
  journal = {Phys. Rev. Lett.},
  volume = {86},
  issue = {8},
  pages = {1414--1417},
  numpages = {0},
  year = {2001},
  month = {Feb},
  publisher = {American Physical Society},
  doi = {10.1103/PhysRevLett.86.1414},
  url = {https://link.aps.org/doi/10.1103/PhysRevLett.86.1414}
}

@misc{curvefit,
    title = {scipy.optimize.curve\_fit},
    url = "https://docs.scipy.org/doc/scipy/reference/generated/scipy.optimize.curve\_fit.html#scipy-optimize-curve-fit",
    organization = "The SciPy Community",
    year = 2024
}
