@misc{lee,
    title = "Liu | JILA",
    howpublished = "JILA",
    url = "https://jila.colorado.edu/yelabs/people/liu"
}
